<record><leader>00000cas a22000007a 4500</leader><controlfield tag="001">35644630</controlfield><controlfield tag="008">960927d19791992meuwr ne      0    0eng d</controlfield><datafield ind1=" " ind2=" " tag="010"><subfield code="a">sn 96075134 </subfield></datafield><datafield ind1=" " ind2=" " tag="040"><subfield code="a">MBN</subfield><subfield code="b">eng</subfield><subfield code="c">MBN</subfield><subfield code="d">OCLCQ</subfield><subfield code="d">OCLCF</subfield><subfield code="d">OCLCO</subfield></datafield><datafield ind1=" " ind2=" " tag="042"><subfield code="a">msc</subfield></datafield><datafield ind1=" " ind2=" " tag="043"><subfield code="a">n-us-me</subfield></datafield><datafield ind1="0" ind2="0" tag="245"><subfield code="a">Old Town-Orono times Penobscot times.</subfield></datafield><datafield ind1="1" ind2="0" tag="246"><subfield code="a">Old Town-Orono times</subfield></datafield><datafield ind1=" " ind2=" " tag="260"><subfield code="a">Old Town, Me. :</subfield><subfield code="b">Penobscot Times, Inc.</subfield></datafield><datafield ind1=" " ind2=" " tag="300"><subfield code="a">v.</subfield></datafield><datafield ind1=" " ind2=" " tag="310"><subfield code="a">Weekly</subfield></datafield><datafield ind1="0" ind2=" " tag="362"><subfield code="a">Vol. 88, no. 18 (Aug. 8, 1979)-v. 105, no. 35 (Oct. 29, 1992).</subfield></datafield><datafield ind1=" " ind2="0" tag="651"><subfield code="a">Old Town (Me.)</subfield><subfield code="v">Newspapers.</subfield></datafield><datafield ind1=" " ind2="7" tag="655"><subfield code="a">Newspapers.</subfield><subfield code="2">fast</subfield><subfield code="0">(OCoLC)fst01423814</subfield></datafield><datafield ind1=" " ind2="7" tag="651"><subfield code="a">Maine</subfield><subfield code="z">Old Town.</subfield><subfield code="2">fast</subfield><subfield code="0">(OCoLC)fst01202986</subfield></datafield><datafield ind1=" " ind2=" " tag="752"><subfield code="a">United States</subfield><subfield code="b">Maine</subfield><subfield code="c">Penobscot</subfield><subfield code="d">Old Town.</subfield></datafield><datafield ind1="0" ind2="0" tag="780"><subfield code="a">Penobscot times (Old Town, Me. : 1941)</subfield><subfield code="w">(DLC)sn 96075151</subfield></datafield><datafield ind1="0" ind2="0" tag="785"><subfield code="a">Penobscot times (Old Town, Me. : 1992)</subfield><subfield code="w">(DLC)sn 95068016</subfield></datafield></record>